################################################################################
# BibTeX                                                                       #
#   title, author, booktitle, journal, chapter, pages, editor, publisher,      #
#   volume, number, isbn, issn, address, month, year, url                      #
################################################################################

##### 1944 #####################################################################
@article{bally1944linguistiquegeneraleetlinguistiquefrancaise,
  title   = "{L}inguistique générale et linguistique française",
  author  = "{B}ally, {C}harles",
  journal = "{P}aris: {E}rnest {L}eroux",
  year    = "1944"
}

##### 1967 #####################################################################
@incollection{cleverdon1967cranfield,
  title      = "{R}eadings in {I}nformation {R}etrieval",
  author     = "{C}leverdon, {C}yril",
  chapter    = "{T}he {C}ranfield {T}ests on {I}ndex {L}anguage {D}evices",
  pages      = "47--59",
  editor     = "{S}pärck {J}ones, {K}aren and {W}illett, {P}eter",
  publisher  = "{M}organ {K}aufmann {P}ublishers {I}nc.",
  isbn       = "1-55860-454-5",
  address    = "{S}an {F}rancisco, {CA}, {USA}",
  year       = "1997",
  url        = "http://dl.acm.org/citation.cfm?id=275537.275544"
} 
##### 1972 #####################################################################
@article{jones1972tfidf,
  title     = "{A} {S}tatistical {I}nterpretation of {T}erm {S}pecificity and its {A}pplication in {R}etrieval",
  author    = "{S}pärck-{J}ones, {K}aren",
  journal   = "{J}ournal of {D}ocumentation",
  pages     = "11--21",
  publisher = "{MCB} {UP} {L}td",
  volume    = "28",
  number    = "1",
  year      = "1972"
}
##### 1980 #####################################################################
@article{porter1980suffixstripping,
  title     = "{A}n {A}lgorithm for {S}uffix {S}tripping",
  author    = "{P}orter, {M}artin {F}",
  journal   = "{P}rogram: {E}lectronic {L}ibrary and {I}nformation {S}ystems",
  pages     = "130--137",
  publisher = "{MCB} {UP} {L}td",
  volume    = "14",
  number    = "3",
  year      = "1980"
}
##### 1994 #####################################################################
@inproceedings{ide1994multext,
  title         = "{MULTEXT}: {M}ultilingual {T}ext {T}ools and {C}orpora",
  author        = "{I}de, {N}ancy and {V}éronis, {J}ean",
  booktitle     = "{P}roceedings of the 15th conference on {C}omputational {L}inguistics-{V}olume 1",
  pages         = "588--592",
  organization  = "{A}ssociation for {C}omputational {L}inguistics",
  year          = "1994"
}
##### 1995 #####################################################################
@article{miller1995wordnet,
  title     = "{W}ord{N}et: a {L}exical {D}atabase for {E}nglish",
  author    = "{M}iller, {G}eorge {A}.",
  journal   = "{C}ommunications of the {A}ssociation for {C}omputational {L}inguistics",
  pages     = "39--41",
  publisher = "{ACM}",
  volume    = "38",
  number    = "11",
  year      = "1995"
}
##### 1996 #####################################################################
@inproceedings{evans1996nounphraseanalysis,
 title      = "{N}oun-{P}hrase {A}nalysis in {U}nrestricted {T}ext for {I}nformation {R}etrieval",
 author     = "{E}vans, {D}avid {A}. and {Z}hai, {C}hengxiang",
 booktitle  = "{P}roceedings of the 34th annual meeting of the {A}ssociation for {C}omputational {L}inguistics",
 pages      = "17--24",
 publisher  = "{A}ssociation for {C}omputational {L}inguistics",
 address    = "{S}troudsburg, {PA}, {USA}",
 year       = "1996",
 url        = "http://dx.doi.org/10.3115/981863.981866"
}
##### 1998 #####################################################################
@article{brin1998pagerank,
  title     = "{T}he {A}natomy of a {L}arge-{S}cale {H}ypertextual {W}eb {S}earch {E}ngine",
  author    = "{B}rin, {S}ergey and {P}age, {L}awrence",
  journal   = "{C}omputer {N}etworks and {ISDN} {S}ystems",
  pages     = "107--117",
  publisher = "{E}lsevier",
  volume    = "30",
  number    = "1",
  year      = "1998"
}
@article{plaunt1998associationbasedmethodforautomaticindexing,
  title     = "{A}n association-{B}ased {M}ethod for {A}utomatic {I}ndexing with a {C}ontrolled {V}ocabulary",
  author    = "{P}launt, {C}hristian and {N}orgard, {B}arbara {A}",
  journal   = "{J}ournal of the {A}merican {S}ociety for {I}nformation {S}cience",
  pages     = "888--902",
  publisher = "{C}iteseer",
  volume    = "49",
  number    = "10",
  year      = "1998"
}
##### 1999 #####################################################################
@inproceedings{jones1999phrasier,
  title      = "{P}hrasier: a {S}ystem for {I}nteractive {D}ocument {R}etrieval {U}sing {K}eyphrases",
  author     = "{J}ones, {S}teve and {S}taveley, {M}ark {S}.",
  booktitle  = "{P}roceedings of the 22nd {A}nnual {I}nternational {ACM} {SIGIR} {C}onference on {R}esearch and {D}evelopment in {I}nformation {R}etrieval",
  pages      = "160--167",
  publisher  = "{ACM}",
  isbn       = "1-58113-096-1",
  address    = "{N}ew {Y}ork, {NY}, {USA}",
  year       = "1999",
  url        = "http://doi.acm.org/10.1145/312624.312671"
}
@inproceedings{voorhees1999mrr,
  title     = "{T}he {TREC}-8 {Q}uestion {A}nswering {T}rack {R}eport",
  author    = "{V}oorhees, {E}llen {M}. and {T}ice, {D}awn {M}.",
  booktitle = "{P}roceedings of the {T}ext {RE}trieval {C}onference ({TREC})",
  pages     = "77--82",
  year      = "1999"
}
@inproceedings{herbrich1999svm,
  title     = "{S}upport {V}ector {L}earning for {O}rdinal {R}egression",
  author    = "{H}erbrich, {R}alf and {G}raepel, {T}hore and {O}bermayer, {K}laus",
  booktitle = "{P}roceedings of the {I}nternational {C}onference on {A}rtificial {N}eural {N}etworks",
  pages     = "97--102",
  year      = "1999"
}
@inproceedings{witten1999kea,
  title      = "{KEA}: {P}ractical {A}utomatic {K}eyphrase {E}xtraction",
  author     = "{W}itten, {I}an {H}. and {P}aynter, {G}ordon {W}. and {F}rank, {E}ibe and {G}utwin, {C}arl and {N}evill-{M}anning, {C}raig {G}.",
  booktitle  = "{P}roceedings of the 4th {ACM} {C}onference on {D}igital {L}ibraries",
  pages      = "254--255",
  publisher  = "{ACM}",
  isbn       = "1-58113-145-3",
  address    = "{N}ew {Y}ork, {NY}, {USA}",
  year       = "1999",
  url        = "http://doi.acm.org/10.1145/313238.313437"
} 
@inproceedings{frank1999keafrequency,
  title      = "{D}omain-{S}pecific {K}eyphrase {E}xtraction",
  author     = "{F}rank, {E}ibe and {P}aynter, {G}ordon {W}. and {W}itten, {I}an {H}. and {G}utwin, {C}arl and {N}evill-{M}anning, {C}raig {G}.",
  booktitle  = "{P}roceedings of the 16th {I}nternational {J}oint {C}onference on {A}rtificial {I}ntelligence - {V}olume 2",
  pages      = "668--673",
  publisher  = "{M}organ {K}aufmann {P}ublishers {I}nc.",
  address    = "{S}an {F}rancisco, {CA}, {USA}",
  year       = "1999",
  url        = "http://dl.acm.org/citation.cfm?id=1624312.1624314"
} 
@inproceedings{platt1999probabilisticsvm,
  title     = "{P}robabilistic {O}utputs for {S}upport {V}ector {M}achines and {C}omparisons to {R}egularized {L}ikelihood {M}ethods",
  author    = "{P}latt, {J}ohn {C}",
  booktitle = "{A}dvances in {L}arge {M}argin {C}lassifiers",
  year      = "1999"
}
@article{turney1999learningalgorithms,
  title      = "{L}earning {A}lgorithms for {K}eyphrase {E}xtraction",
  author     = "{T}urney, {P}eter {D}.",
  journal    = "{I}nformation {R}etrieval",
  pages      = "303--336",
  publisher  = "{K}luwer {A}cademic {P}ublishers",
  volume     = "2",
  number     = "4",
  issn       = "1386-4564",
  address    = "{H}ingham, {MA}, {USA}",
  month      = "may",
  year       = "2000",
  url        = "http://dx.doi.org/10.1023/A:1009976227802"
} 
@article{kleinberg1999hits,
  title      = "{A}uthoritative {S}ources in a {H}yperlinked {E}nvironment",
  author     = "{K}leinberg, {J}on {M}.",
  journal    = "{J}ournal of the {ACM} ({JACM})",
  pages      = "604--632",
  publisher  = "{ACM}",
  volume     = "46",
  number     = "5",
  issn       = "0004-5411",
  address    = "{N}ew {Y}ork, {NY}, {USA}",
  month      = "sep",
  year       = "1999",
  url        = "http://doi.acm.org/10.1145/324133.324140"
} 
@inproceedings{robertson1999okapi,
  title     = "{O}kapi at {TREC}-7: {A}utomatic {A}d {H}oc, {F}iltering, {VLC} and {I}nteractive {T}rack",
  author    = "{R}obertson, {S}tephen {E}. and {W}alker {S}teve and {H}ancock-{B}eaulieu {M}icheline",
  booktitle = "{P}roceedings of the {T}ext {RE}trieval {C}onference ({TREC})",
  pages     = "199-210",
  year      = "1998"
}
##### 2000 #####################################################################
@inproceedings{barker2000nounphrasehead,
  title      = "{U}sing {N}oun {P}hrase {H}eads to {E}xtract {D}ocument {K}eyphrases",
  author     = "{B}arker, {K}en and {C}ornacchia, {N}adia",
  booktitle  = "{P}roceedings of the 13th {B}iennial {C}onference of the {C}anadian {S}ociety on {C}omputational {S}tudies of {I}ntelligence: {A}dvances in {A}rtificial {I}ntelligence",
  pages      = "40--52",
  publisher  = "{S}pringer-{V}erlag",
  isbn       = "3-540-67557-4",
  address    = "{L}ondon, {UK}",
  year       = "2000",
  url        = "http://dl.acm.org/citation.cfm?id=647461.726264"
} 
@article{jones2000hierarchicaldocumentclustering,
  title     = "{H}ierarchical {D}ocument {C}lustering {U}sing {A}utomatically {E}xtracted {K}eyphrases",
  author    = "{J}ones, {S}teve and {M}ahoui, {M}alika",
  publisher = "{U}niversity of {W}aikato, {D}epartment of {C}omputer {S}cience",
  year      = "2000"
}
##### 2001 #####################################################################
@inproceedings{over2001duc,
  title     = "{I}ntroduction to {DUC}-2001: an {I}ntrinsic {E}valuation of {G}eneric {N}ews {T}ext {S}ummarization {S}ystems",
  author    = "{O}ver, {P}aul",
  booktitle = "{P}roceedings of {DUC} 2001 {D}ocument {U}nderstanding {C}onference",
  year      = "2001"
}
@article{castellvi2001automatictermdetection,
  title     = "{A}utomatic {T}erm {D}etection: {A} {R}eview of {C}urrent {S}ystems",
  author    = "{C}astellví, {M}. {T}eresa {C}abré and {B}agot, {R}osa {E}stopà and {P}alatresi, {J}ordi {V}ivaldi",
  journal   = "{R}ecent {A}dvances in {C}omputational {T}erminology",
  publisher = "{A}msterdam/{P}hiladelphia: {J}ohn {B}enjamins {P}ublishing {C}ompany",
  volume    = "2",
  pages     = "53--88",
  year      = "2001"
}
@article{daille2001relationaladjectives,
  title   = "{Q}ualitative {T}erminology {E}xtraction: {I}dentifying {R}elational {A}djectives",
  author  = "{D}aille, {B}éatrice",
  journal = "{D}idier {B}ourigault, {C}hristian {J}acquemin, and {M}arie-{C}laude {L}'{H}omme, editors, {R}ecent {A}dvances in {C}omputational {T}erminology",
  volume  = "2",
  pages   = "149--166",
  year    = "2001"
}
##### 2002 #####################################################################
@inproceedings{voorhees2002philosophy,
  title      = "{T}he {P}hilosophy of {I}nformation {R}etrieval {E}valuation",
  author     = "{V}oorhees, {E}llen {M}.",
  booktitle  = "{R}evised {P}apers from the {S}econd {W}orkshop of the {C}ross-{L}anguage {E}valuation {F}orum on {E}valuation of {C}ross-{L}anguage {I}nformation {R}etrieval {S}ystems",
  pages      = "355--370",
  publisher  = "{S}pringer-{V}erlag",
  isbn       = "3-540-44042-9",
  address    = "{L}ondon, {UK}",
  year       = "2002",
  url        = "http://dl.acm.org/citation.cfm?id=648264.753539"
}
@inproceedings{pearce2002collocationdetection,
  title         = "{A} {C}omparative {E}valuation of {C}ollocation {E}xtraction {T}echniques",
  author        = "{P}earce, {D}arren",
  booktitle     = "{I}n third {I}nternational {C}onference on {L}anguage {R}esources and {E}valuation ({LREC})",
  organization  = "{C}iteseer",
  year          = "2002"
}
##### 2003 #####################################################################
@inproceedings{hulth2003keywordextraction,
  title      = "{I}mproved {A}utomatic {K}eyword {E}xtraction {G}iven {M}ore {L}inguistic {K}nowledge",
  author     = "{H}ulth, {A}nette",
  booktitle  = "{P}roceedings of the 2003 {C}onference on {E}mpirical {M}ethods in {N}atural {L}anguage {P}rocessing (EMNLP)",
  pages      = "216--223",
  publisher  = "{A}ssociation for {C}omputational {L}inguistics",
  address    = "{S}troudsburg, {PA}, {USA}",
  year       = "2003",
  url        = "http://dx.doi.org/10.3115/1119355.1119383"
} 
@inproceedings{tomokiyo2003languagemodel,
  title      = "{A} {L}anguage {M}odel {A}pproach to {K}eyphrase {E}xtraction",
  author     = "{T}omokiyo, {T}akashi and {H}urst, {M}atthew",
  booktitle  = "{P}roceedings of the {ACL} 2003 {W}orkshop on {M}ultiword {E}xpressions: {A}nalysis, {A}cquisition and {T}reatment - {V}olume 18",
  pages      = "33--40",
  publisher  = "{A}ssociation for {C}omputational {L}inguistics",
  address    = "{S}troudsburg, {PA}, {USA}",
  year       = "2003",
  url        = "http://dx.doi.org/10.3115/1119282.1119287"
} 
@inproceedings{toutanova2003stanfordpostagger,
  title      = "{F}eature-{R}ich {P}art-of-{S}peech {T}agging with a {C}yclic {D}ependency {N}etwork",
  author     = "{T}outanova, {K}ristina and {K}lein, {D}an and {M}anning, {C}hristopher {D}. and {S}inger, {Y}oram",
  booktitle  = "{P}roceedings of the 2003 {C}onference of the {N}orth {A}merican {C}hapter of the {A}ssociation for {C}omputational {L}inguistics: {H}uman {L}anguage {T}echnology - {V}olume 1 (NAACL)",
  publisher  = "{A}ssociation for {C}omputational {L}inguistics",
  address    = "{S}troudsburg, {PA}, {USA}",
  pages      = "173--180",
  year       = "2003",
  url        = "http://dx.doi.org/10.3115/1073445.1073478"
} 
@inproceedings{turney2003keacoherence,
  title      = "{C}oherent {K}eyphrase {E}xtraction via {W}eb {M}ining",
  author     = "{T}urney, {P}eter {D}.",
  booktitle  = "{P}roceedings of the 18th {I}nternational {J}oint {C}onference on {A}rtificial {I}ntelligence",
  pages      = "434--439",
  publisher  = "{M}organ {K}aufmann {P}ublishers {I}nc.",
  address    = "{S}an {F}rancisco, {CA}, {USA}",
  year       = "2003",
  url        = "http://dl.acm.org/citation.cfm?id=1630659.1630724"
} 
@inproceedings{sujian2003maximumentropy,
  title     = "{N}ews-{O}riented {K}eyword {I}ndexing with {M}aximum {E}ntropy {P}rinciple",
  author    = "{S}ujian, {L}i and {H}oufeng, {W}ang and {S}hiwen, {Y}u and {C}hengsheng, {X}in",
  booktitle = "{P}roceedings of the 17th {P}acific {A}sia {C}onference",
  publisher = "{COLIPS} {P}ublications",
  year      = "2003"
}
@inproceedings{daille2003acabit,
  title     = "{C}onceptual {S}tructuring {T}hrough {T}erm {V}ariations",
  author    = "{D}aille, {B}éatrice",
  booktitle = "{P}roceedings of the {ACL} 2003 {W}orkshop on {M}ultiword {E}xpressions: {A}nalysis, {A}cquisition and {T}reatment",
  volume    = "18",
  pages     = "9--16",
  year      = "2003"
}
@article{blei2003lda,
  title      = "{L}atent {D}irichlet {A}llocation",
  author     = "{B}lei, {D}avid {M}. and {N}g, {A}ndrew {Y}. and {J}ordan, {M}ichael {I}.",
  journal    = "{J}ournal of {M}achine {L}earning {R}esearch",
  pages      = "993--1022",
  publisher  = "{JMLR}.org",
  volume     = "3",
  issn       = "1532-4435",
  year       = "2003",
  url        = "http://dl.acm.org/citation.cfm?id=944919.944937"
}
@article{haveliwala2003topicsensitivepagerank, 
  title   = "{T}opic-{S}ensitive {P}age{R}ank: {A} {C}ontext-{S}ensitive {R}anking {A}lgorithm for {W}eb {S}earch", 
  author  = "{H}aveliwala, Taher H.", 
  journal = "{IEEE} {T}ransactions on {K}nowledge and {D}ata {E}ngineering", 
  volume  = "15", 
  number  = "4", 
  pages   = "784-796", 
  issn    = "1041-4347",
  year    = "2003"
}
@article{shah2003wherearethekeywords,
  title     = "{I}nformation {E}xtraction from {F}ull {T}ext {S}cientific {A}rticles: {W}here are the {K}eywords?",
  author    = "{S}hah, {P}arantu {K}. and {P}erez-{I}ratxeta, {C}arolina and {B}ork, {P}eer and {A}ndrade, {M}iguel {A}.",
  journal   = "{BMC} bioinformatics",
  publisher = "{B}io{M}ed {C}entral {L}td",
  volume    = "4",
  number    = "1",
  pages     = "20",
  year      = "2003"
}
##### 2004 #####################################################################
@inproceedings{buckley2004bref,
  title      = "{R}etrieval {E}valuation with {I}ncomplete {I}nformation",
  author     = "{B}uckley, {C}hris and {V}oorhees, {E}llen {M}.",
  booktitle  = "{P}roceedings of the 27th {A}nnual {I}nternational {ACM} {SIGIR} {C}onference on {R}esearch and {D}evelopment in {I}nformation {R}etrieval",
  pages      = "25--32",
  publisher  = "{ACM}",
  isbn       = "1-58113-881-4",
  address    = "{N}ew {Y}ork, {NY}, {USA}",
  year       = "2004",
  url        = "http://doi.acm.org/10.1145/1008992.1009000"
} 
@inproceedings{mihalcea2004textrank,
  title     = "{T}ext{R}ank: {B}ringing {O}rder {I}nto {T}exts",
  author    = "{M}ihalcea, {R}ada  and  {T}arau, {P}aul",
  booktitle = "{P}roceedings of the 2004 {C}onference on {E}mpirical {M}ethods in {N}atural {L}anguage {P}rocessing (EMNLP)",
  pages     = "404--411",
  editor    = "{D}ekang {L}in and {D}ekai {W}u",
  publisher = "{A}ssociation for {C}omputational {L}inguistics",
  address   = "{B}arcelona, {S}pain",
  month     = "{J}uly",
  year      = "2004"
}
@article{matsuo2004wordcooccurrence,
  title     = "{K}eyword {E}xtraction from a {S}ingle {D}ocument {U}sing {W}ord {C}o-occurrence {S}tatistical {I}nformation",
  author    = "{M}atsuo, {Y}utaka and {I}shizuka, {M}itsuru",
  journal   = "{I}nternational {J}ournal on {A}rtificial {I}ntelligence {T}ools",
  pages     = "157--169",
  publisher = "{W}orld {S}cientific",
  volume    = "13",
  number    = "01",
  year      = "2004"
}
@article{mcnally2004relationaladjectives,
  title   = "{R}elational {A}djectives as {P}roperties of {K}inds",
  author  = "{M}c{N}ally, {L}ouise and {B}oleda, {G}emma",
  journal = "{E}mpirical {I}ssues in {F}ormal {S}yntax and {S}emantics",
  volume  = "5",
  pages   = "179--196",
  year    = "2004"
}
@article{kamruzzaman2004textcategorizationusingassociationrule,
  title   = "{T}ext {C}ategorization using {A}ssociation {R}ule and {N}aïve {B}ayes {C}lassifier",
  author  = "{K}amruzzaman, {S.} {M.} and {R}ahman, {C}howdhury {M}ofizur",
  journal = "{A}sian {J}ournal of {I}nformation {T}echnology",
  pages   = "657--665",
  volume  = "3",
  number  = "9",
  year    = "2004"
}
##### 2005 #####################################################################
@inproceedings{mihalcea2005language,
  title     = "{A} {L}anguage {I}ndependent {A}lgorithm for {S}ingle and {M}ultiple {D}ocument {S}ummarization",
  author    = "{M}ihalcea, {R}ada and {T}arau, {P}aul",
  booktitle = "{P}roceedings of 2nd {I}nternational {J}oint {C}onference on {N}atural {L}anguage {P}rocessing",
  pages     = "19--24",
  year      = "2005"
}
@inproceedings{avanzo2005keyphrase,
  title     = "{A} {K}eyphrase-{B}ased {A}pproach to {S}ummarization: the {LAKE} {S}ystem at {DUC}-2005",
  author    = "{D}’{A}vanzo, {E}rnesto and {M}agnini, {B}ernado",
  booktitle = "{P}roceedings of {DUC} 2005 {D}ocument {U}nderstanding {C}onference",
  year      = "2005"
}
@inproceedings{wu2005domainspecifickeyphraseextraction,
  title         = "{D}omain-{S}pecific {K}eyphrase {E}xtraction",
  author        = "{W}u, {Y}i-fang {B}rook and {L}i, {Q}uanzhi and {B}ot, {R}azvan {S}tefan and {C}hen, {X}in",
  booktitle     = "{P}roceedings of the 14th {ACM} {I}nternational {C}onference on {I}nformation and {K}nowledge {M}anagement",
  pages         = "283--284",
  organization  = "{ACM}",
  year          = "2005"
}
@article{witschel2005terminologyextractionandautomaticindexing,
  title   = "{T}erminology {E}xtraction and {A}utomatic {I}ndexing",
  author  = "{W}itschel, {H}ans {F}riedrich",
  journal = "{T}erminology and {K}nowledge {E}ngineering ({TKE})",
  year    = "2005"
}
##### 2006 #####################################################################
@inproceedings{joachims2006linearsvm,
  title      = "{T}raining {L}inear {SVM}s in {L}inear {T}ime",
  author     = "{T}horsten, {J}oachims",
  booktitle  = "{P}roceedings of the 12th {ACM} {SIGKDD} {I}nternational {C}onference on {K}nowledge {D}iscovery and {D}ata {M}ining",
  pages      = "217--226",
  publisher  = "{ACM}",
  isbn       = "1-59593-339-5",
  address    = "{N}ew {Y}ork, {NY}, {USA}",
  year       = "2006",
  url        = "http://doi.acm.org/10.1145/1150402.1150429"
} 
@inproceedings{zhang2006svm,
  title      = "{K}eyword {E}xtraction {U}sing {S}upport {V}ector {M}achine",
  author     = "{Z}hang, {K}uo and {X}u, {H}ui and {T}ang, {J}ie and {L}i, {J}uanzi",
  booktitle  = "{P}roceedings of the 7th {I}nternational {C}onference on {A}dvances in {W}eb-{A}ge {I}nformation {M}anagement",
  pages      = "85--96",
  publisher  = "{S}pringer-{V}erlag",
  isbn       = "3-540-35225-2, 978-3-540-35225-9",
  address    = "{B}erlin, {H}eidelberg",
  year       = "2006",
  url        = "http://dx.doi.org/10.1007/11775300_8"
} 
@inproceedings{grabar2006terminologystructuring,
  title         = "{T}erminology {S}tructuring {T}hrough the {D}erivational {M}orphology",
  author        = "{G}rabar, {N}atalia and {H}amon, {T}hierry",
  booktitle     = "{P}roceedings of the 5th {I}nternational {C}onference on {A}dvances in {N}atural {L}anguage {P}rocessing",
  pages         = "652--663",
  organization  = "{S}pringer-{V}erlag",
  year          = "2006"
}
##### 2007 #####################################################################
@inproceedings{nguyen2007keadocumentstructure,
  title      = "{K}eyphrase {E}xtraction in {S}cientific {P}ublications",
  author     = "{N}guyen, {T}huy {D}ung and {K}an, {M}in-{Y}en",
  booktitle  = "{P}roceedings of the 10th {I}nternational {C}onference on {A}sian {D}igital {L}ibraries: {L}ooking {B}ack 10 {Y}ears and {F}orging {N}ew {F}rontiers",
  pages      = "317--326",
  publisher  = "{S}pringer-{V}erlag",
  isbn       = "3-540-77093-3, 978-3-540-77093-0",
  address    = "{B}erlin, {H}eidelberg",
  year       = "2007",
  url        = "http://dl.acm.org/citation.cfm?id=1780653.1780707"
} 
@inproceedings{wan2007iterativereinforcement,
  title     = "{T}owards an {I}terative {R}einforcement {A}pproach for {S}imultaneous {D}ocument {S}ummarization and {K}eyword {E}xtraction",
  author    = "{W}an, {X}iaojun  and  {Y}ang, {J}ianwu  and  {X}iao, {J}ianguo",
  booktitle = "{P}roceedings of the 45th {A}nnual {M}eeting of the {A}ssociation of {C}omputational {L}inguistics (ACL)",
  pages     = "552--559",
  publisher = "{A}ssociation for {C}omputational {L}inguistics",
  address   = "{P}rague, {C}zech {R}epublic",
  month     = "{J}une",
  year      = "2007",
  url       = "http://www.aclweb.org/anthology/P/P07/P07-1070"
}
@inproceedings{han2007webdocumentclustering,
  title      = "{W}eb {D}ocument {C}lustering by {U}sing {A}utomatic {K}eyphrase {E}xtraction",
  author     = "{H}an, {J}uhyun and {K}im, {T}aehwan and {C}hoi, {J}oongmin",
  booktitle  = "{P}roceedings of the 2007 {IEEE}/{WIC}/{ACM} {I}nternational {C}onferences on {W}eb {I}ntelligence and {I}ntelligent {A}gent {T}echnology",
  pages      = "56--59",
  publisher  = "{IEEE} {C}omputer {S}ociety",
  address    = "{W}ashington, {DC}, {USA}",
  isbn       = "0-7695-3028-1",
  year       = "2007",
  url        = "http://dl.acm.org/citation.cfm?id=1339264.1339658"
} 
@inproceedings{mei2007topiclabeling,
  title         = "{A}utomatic {L}abeling of {M}ultinomial {T}opic {M}odels",
  author        = "{M}ei, {Q}iaozhu and {S}hen, {X}uehua and {Z}hai, {C}heng{X}iang",
  booktitle     = "{P}roceedings of the 13th {ACM} {SIGKDD} international conference on {K}nowledge discovery and data mining",
  pages         = "490--499",
  year          = "2007",
  organization  = "{ACM}"
}
@article{vonluxburg2007spectralclustering,
  title      = "{A} {T}utorial on {S}pectral {S}lustering",
  author     = "{L}uxburg, {U}lrike",
  journal    = "{S}tatistics and {C}omputing",
  pages      = "395--416",
  publisher  = "{K}luwer {A}cademic {P}ublishers",
  volume     = "17",
  number     = "4",
  issn       = "0960-3174",
  address    = "{H}ingham, {MA}, {USA}",
  month      = "dec",
  year       = "2007",
  url        = "http://dx.doi.org/10.1007/s11222-007-9033-z"
} 
@article{ercan2007lexicalchains,
  title      = "{U}sing {L}exical {C}hains for {K}eyword {E}xtraction",
  author     = "{E}rcan, {G}onenc and {C}icekli, {I}lyas",
  journal    = "{I}nformation {P}rocessing and {M}anagement",
  pages      = "1705--1714",
  publisher  = "{P}ergamon {P}ress, {I}nc.",
  volume     = "43",
  number     = "6",
  issn       = "0306-4573",
  address    = "{T}arrytown, {NY}, {USA}",
  month      = "nov",
  year       = "2007",
  url        = "http://dx.doi.org/10.1016/j.ipm.2007.01.015"
}
@book{ibekwe2007fouilledetextes,
  title     = "{F}ouille de {T}extes : {M}éthodes, {O}utils et {A}pplications",
  author    = "{I}bekwe-{S}an{J}uan, {F}idelia",
  publisher = "{H}ermes science publication",
  year      = "2007"
}
##### 2008 #####################################################################
@inproceedings{litvak2008graphbased,
  title      = "{G}raph-{B}ased {K}eyword {E}xtraction for {S}ingle-{D}ocument {S}ummarization",
  author     = "{L}itvak, {M}arina and {L}ast, {M}ark",
  booktitle  = "{P}roceedings of the {W}orkshop on {M}ulti-{S}ource {M}ultilingual {I}nformation {E}xtraction and {S}ummarization",
  pages      = "17--24",
  publisher  = "{A}ssociation for {C}omputational {L}inguistics",
  isbn       = "978-1-905593-51-4",
  address    = "{S}troudsburg, {PA}, {USA}",
  year       = "2008",
  url        = "http://dl.acm.org/citation.cfm?id=1613172.1613178"
} 
@inproceedings{wan2008expandrank,
  title      = "{S}ingle {D}ocument {K}eyphrase {E}xtraction {U}sing {N}eighborhood {K}nowledge",
  author     = "{W}an, {X}iaojun and {X}iao, {J}ianguo",
  booktitle  = "{P}roceedings of the 23rd {N}ational {C}onference on {A}rtificial {I}ntelligence - {V}olume 2",
  pages      = "855--860",
  publisher  = "{AAAI} {P}ress",
  isbn       = "978-1-57735-368-3",
  year       = "2008",
  url        = "http://dl.acm.org/citation.cfm?id=1620163.1620205"
} 
@inproceedings{wan2008collabrank,
  title      = "{C}ollab{R}ank: {T}owards a {C}ollaborative {A}pproach to {S}ingle-{D}ocument {K}eyphrase {E}xtraction",
  author     = "{W}an, {X}iaojun and {X}iao, {J}ianguo",
  booktitle  = "{P}roceedings of the 22nd {I}nternational {C}onference on {C}omputational {L}inguistics - {V}olume 1",
  pages      = "969--976",
  publisher  = "{A}ssociation for {C}omputational {L}inguistics",
  isbn       = "978-1-905593-44-6",
  address    = "{S}troudsburg, {PA}, {USA}",
  year       = "2008",
  url        = "http://dl.acm.org/citation.cfm?id=1599081.1599203"
} 
@inproceedings{muthukrishman2008facetsdetection,
  title      = "{D}etecting {M}ultiple {F}acets of an {E}vent using {G}raph-{B}ased {U}nsupervised {M}ethods",
  author     = "{M}uthukrishnan, {P}radeep and {G}errish, {J}oshua and {R}adev, {D}ragomir {R}.",
  booktitle  = "{P}roceedings of the 22nd {I}nternational {C}onference on {C}omputational {L}inguistics - {V}olume 1",
  pages      = "609--616",
  publisher  = "{A}ssociation for {C}omputational {L}inguistics",
  isbn       = "978-1-905593-44-6",
  address    = "{S}troudsburg, {PA}, {USA}",
  year       = "2008",
  url        = "http://dl.acm.org/citation.cfm?id=1599081.1599158"
} 
@inproceedings{milne2008wikipediasemanticrelatedness,
  title     = "{A}n {E}ffective, {L}ow-{C}ost {M}easure of {S}emantic {R}elatedness {O}btained from {W}ikipedia {L}inks",
  author    = "{M}ilne, {D}avid and {W}itten, {I}an {H}.",
  booktitle = "{P}roceeding of {A}ssociation for the {A}dvancement of {A}rtificial {I}ntelligence {W}orkshop on {W}ikipedia and {A}rtificial {I}ntelligence: an {E}volving {S}ynergy (AAAI)",
  pages     = "25--30",
  year      = "2008"
}
@inproceedings{nobata2008kleio,
  title      = "{KLEIO}: a {K}nowledge-{E}nriched {I}nformation {R}etrieval {S}ystem for {B}iology",
  author     = "{N}obata, {C}hikashi and {C}otter, {P}hilip and {O}kazaki, {N}aoaki and {R}ea, {B}rian and {S}asaki, {Y}utaka and {T}suruoka, {Y}oshimasa and {T}sujii, {J}un'ichi and {A}naniadou, {S}ophia",
  booktitle  = "{P}roceedings of the 31st {A}nnual {I}nternational {ACM} {SIGIR} {C}onference on {R}esearch and {D}evelopment in {I}nformation {R}etrieval",
  pages      = "787--788",
  publisher  = "{ACM}",
  isbn       = "978-1-60558-164-4",
  address    = "{N}ew {Y}ork, {NY}, {USA}",
  year       = "2008",
  url        = "http://doi.acm.org/10.1145/1390334.1390504"
} 
@inproceedings{bird2008aclarc,
  title     = "{T}he {ACL} {A}nthology {R}eference {C}orpus: {A} {R}eference {D}ataset for {B}ibliographic {R}esearch in {C}omputational {L}inguistics.",
  author    = "{B}ird, {S}teven and {D}ale, {R}obert and {D}orr, {B}onnie {J} and {G}ibson, {B}ryan {R} and {J}oseph, {M}ark and {K}an, {M}in-{Y}en and {L}ee, {D}ongwon and {P}owley, {B}rett and {R}adev, {D}ragomir {R} and {T}an, {Y}ee {F}an",
  booktitle = "{P}roceedings of the {L}anguage {R}esources and {E}valuation {C}onference ({LREC} 08)",
  address   = "{M}arrakesh, {M}orocco",
  month     = "may",
  year      = "2008"
}
@article{medelyan2008smalltrainingset,
  title      = "{D}omain-{I}ndependent {A}utomatic {K}eyphrase {I}ndexing with {S}mall {T}raining {S}ets",
  author     = "{M}edelyan, {O}lena and {W}itten, {I}an {H}.",
  journal    = "{J}ournal of the {A}merican {S}ociety for {I}nformation {S}cience and {T}echnology",
  pages      = "1026--1040",
  publisher  = "{J}ohn {W}iley and {S}ons, {I}nc.",
  volume     = "59",
  number     = "7",
  issn       = "1532-2882",
  address    = "{N}ew {Y}ork, {NY}, {USA}",
  month      = "may",
  year       = "2008",
  url        = "http://dx.doi.org/10.1002/asi.v59:7"
} 
##### 2009 #####################################################################
@inproceedings{kim2009termextraction,
  title     = "{A}n {U}nsupervised {A}pproach to {D}omain-{S}pecific {T}erm {E}xtraction",
  author    = "{K}im, {S}u {N}an and {K}an, {M}in-{Y}en. and {B}aldwin, {T}imothy",
  booktitle = "{P}roceedings of the 2009 {A}ustralasian {L}anguage {T}echnology {A}ssociation {W}orkshop",
  year      = "2009"
}
@inproceedings{kim2009reexaminingautomatickeyphraseextraction,
  title     = "{R}e-examining {A}utomatic {K}eyphrase {E}xtraction {A}pproaches in {S}cientific {A}rticles",
  author    = "{K}im, {S}u {N}am and {K}an, {M}in-{Y}en",
  booktitle = "{P}roceedings of the {W}orkshop on {M}ultiword {E}xpressions: {I}dentification, {I}nterpretation, {D}isambiguation and {A}pplications",
  pages     = "9--16",
  publisher = "{A}ssociation for {C}omputational {L}inguistics",
  isbn      = "978-1-932432-60-2",
  address   = "{S}troudsburg, {PA}, {USA}",
  year      = "2009",
  url       = "http://dl.acm.org/citation.cfm?id=1698239.1698242"
}
@inproceedings{liu2009keycluster,
  title      = "{C}lustering to {F}ind {E}xemplar {T}erms for {K}eyphrase {E}xtraction",
  author     = "{L}iu, {Z}hiyuan and {L}i, {P}eng and {Z}heng, {Y}abin and {S}un, {M}aosong",
  booktitle  = "{P}roceedings of the 2009 {C}onference on {E}mpirical {M}ethods in {N}atural {L}anguage {P}rocessing: {V}olume 1 (EMNLP)",
  pages      = "257--266",
  publisher  = "{A}ssociation for {C}omputational {L}inguistics",
  isbn       = "978-1-932432-59-6",
  address    = "{S}troudsburg, {PA}, {USA}",
  year       = "2009",
  url        = "http://dl.acm.org/citation.cfm?id=1699510.1699544"
}
@inproceedings{liang2009querylog,
  title     = "{E}xtracting {K}eyphrases from {C}hinese {N}ews {A}rticles {U}sing {T}ext{R}ank and {Q}uery {L}og {K}nowledge",
  author    = "{L}iang, {W}eiming and {H}uang, {C}hang-{N}ing and {L}i, {M}u and {L}u, {B}ao-{L}iang",
  booktitle = "{P}roceedings of the 23rd {P}acific {A}sia {C}onference on {L}anguage, {I}nformation and {C}omputation",
  pages     = "733--740",
  publisher = "{C}ity {U}niversity of {H}ong {K}ong",
  address   = "{H}ong {K}ong",
  month     = "{D}ecember",
  year      = "2009",
  url       = "http://www.aclweb.org/anthology/Y09-2035"
}
@inproceedings{jiang2009rankingsvm,
  title      = "{A} {R}anking {A}pproach to {K}eyphrase {E}xtraction",
  author     = "{J}iang, {X}in and {H}u, {Y}unhua and {L}i, {H}ang",
  booktitle  = "{P}roceedings of the 32nd {I}nternational {ACM} {SIGIR} {C}onference on {R}esearch and {D}evelopment in {I}nformation {R}etrieval",
  pages      = "756--757",
  publisher  = "{ACM}",
  isbn       = "978-1-60558-483-6",
  address    = "{N}ew {Y}ork, {NY}, {USA}",
  year       = "2009",
  url        = "http://doi.acm.org/10.1145/1571941.1572113"
} 
@inproceedings{zesch2009rprecision,
  title     = "{A}pproximate {M}atching for {E}valuating {K}eyphrase {E}xtraction",
  author    = "{Z}esch, {T}orsten  and  {G}urevych, {I}ryna",
  booktitle = "{P}roceedings of the {I}nternational {C}onference {RANLP}-2009",
  pages     = "484--489",
  publisher = "{A}ssociation for {C}omputational {L}inguistics",
  address   = "{B}orovets, {B}ulgaria",
  month     = "{S}eptember",
  year      = "2009",
  url       = "http://www.aclweb.org/anthology/R09-1086"
}
@inproceedings{hofmann2009impactofdocumentstructure,
  title         = "{T}he {I}mpact of {D}ocument {S}tructure on {K}eyphrase {E}xtraction",
  author        = "{H}ofmann, {K}atja and {T}sagkias, {M}anos and {M}eij, {E}dgar and {D}e {R}ijke, {M}aarten",
  booktitle     = "{P}roceedings of the 18th {ACM} {C}onference on {I}nformation and {K}nowledge {M}anagement",
  pages         = "1725--1728",
  organization  = "{ACM}",
  year          = "2009"
}
@inproceedings{you2009refinedcandidateset,
  title         = "{A}utomatic {K}eyphrase {E}xtraction with a {R}efined {C}andidate {S}et",
  author        = "{Y}ou, {W}ei and {F}ontaine, {D}ominique and {B}arthès, {J}ean-{P}aul",
  booktitle     = "{IEEE/WIC/ACM} {I}nternational {J}oint {C}onferences on {W}eb {I}ntelligence and {I}ntelligent {A}gent {T}echnologies 2009 ({WI-IAT}'09)",
  pages         = "576--579",
  volume        = "1",
  organization  = "{IET}",
  year          = "2009"
}
@book{bird2009nltk,
  title     = "{N}atural {L}anguage {P}rocessing with {P}ython",
  author    = "{B}ird, {S}teven and {K}lein, {E}wan and {L}oper, {E}dward",
  publisher = "{O}'{R}eilly {M}edia",
  year      = "2009"
}
##### 2010 #####################################################################
@inproceedings{kim2010rprecision,
  title      = "{E}valuating {N}-{G}ram {B}ased {E}valuation {M}etrics for {A}utomatic {K}eyphrase {E}xtraction",
  author     = "{K}im, {S}u {N}am and {B}aldwin, {T}imothy and {K}an, {M}in-{Y}en",
  booktitle  = "{P}roceedings of the 23rd {I}nternational {C}onference on {C}omputational {L}inguistics",
  pages      = "572--580",
  publisher  = "{A}ssociation for {C}omputational {L}inguistics",
  address    = "{S}troudsburg, {PA}, {USA}",
  year       = "2010",
  url        = "http://dl.acm.org/citation.cfm?id=1873781.1873846"
}
@inproceedings{eichler2010keywe,
  title      = "{DFKI} {K}ey{WE}: {R}anking {K}eyphrases {E}xtracted from {S}cientific {A}rticles",
  author     = "{E}ichler, {K}athrin and {N}eumann, {G}ünter",
  booktitle  = "{P}roceedings of the 5th {I}nternational {W}orkshop on {S}emantic {E}valuation (SemEval)",
  pages      = "150--153",
  publisher  = "{A}ssociation for {C}omputational {L}inguistics",
  address    = "{S}troudsburg, {PA}, {USA}",
  year       = "2010",
  url        = "http://dl.acm.org/citation.cfm?id=1859664.1859695"
} 
@inproceedings{paukkeri2010likey,
  title      = "{L}ikey: {U}nsupervised {L}anguage-{I}ndependent {K}eyphrase {E}xtraction",
  author     = "{P}aukkeri, {M}ari-{S}anna and {H}onkela, {T}imo",
  booktitle  = "{P}roceedings of the 5th {I}nternational {W}orkshop on {S}emantic {E}valuation (SemEval)",
  pages      = "162--165",
  publisher  = "{A}ssociation for {C}omputational {L}inguistics",
  address    = "{S}troudsburg, {PA}, {USA}",
  year       = "2010",
  url        = "http://dl.acm.org/citation.cfm?id=1859664.1859698"
} 
@inproceedings{liu2010topicalpagerank,
  title      = "{A}utomatic {K}eyphrase {E}xtraction {V}ia {T}opic {D}ecomposition",
  author     = "{L}iu, {Z}hiyuan and {H}uang, {W}enyi and {Z}heng, {Y}abin and {S}un, {M}aosong",
  booktitle  = "{P}roceedings of the 2010 {C}onference on {E}mpirical {M}ethods in {N}atural {L}anguage {P}rocessing(EMNLP)",
  pages      = "366--376",
  publisher  = "{A}ssociation for {C}omputational {L}inguistics",
  address    = "{S}troudsburg, {PA}, {USA}",
  year       = "2010",
  url        = "http://dl.acm.org/citation.cfm?id=1870658.1870694"
}
@inproceedings{hassan2010conundrums,
  title      = "{C}onundrums in {U}nsupervised {K}eyphrase {E}xtraction: {M}aking {S}ense of the {S}tate-of-the-{A}rt",
  author     = "{H}asan, {K}azi {S}aidul and {N}g, {V}incent",
  booktitle  = "{P}roceedings of the 23rd {I}nternational {C}onference on {C}omputational {L}inguistics: {P}osters (COLING)",
  pages      = "365--373",
  publisher  = "{A}ssociation for {C}omputational {L}inguistics",
  address    = "{S}troudsburg, {PA}, {USA}",
  year       = "2010",
  url        = "http://dl.acm.org/citation.cfm?id=1944566.1944608"
} 
@inproceedings{kim2010semeval,
  title      = "{S}em{E}val-2010 task 5: {A}utomatic {K}eyphrase {E}xtraction from {S}cientific {A}rticles",
  author     = "{K}im, {S}u {N}am and {M}edelyan, {O}lena and {K}an, {M}in-{Y}en and {B}aldwin, {T}imothy",
  booktitle  = "{P}roceedings of the 5th {I}nternational {W}orkshop on {S}emantic {E}valuation (SemEval)",
  pages      = "21--26",
  publisher  = "{A}ssociation for {C}omputational {L}inguistics",
  address    = "{S}troudsburg, {PA}, {USA}",
  year       = "2010",
  url        = "http://dl.acm.org/citation.cfm?id=1859664.1859668"
} 
@inproceedings{tsatsaronis2010semanticrank,
  title      = "{S}emantic{R}ank: {R}anking {K}eywords and {S}entences {U}sing {S}emantic {G}raphs",
  author     = "{T}satsaronis, {G}eorge and {V}arlamis, {I}raklis and {N}ørvåg, {K}jetil",
  booktitle  = "{P}roceedings of the 23rd {I}nternational {C}onference on {C}omputational {L}inguistics",
  pages      = "1074--1082",
  publisher  = "{A}ssociation for {C}omputational {L}inguistics",
  address    = "{S}troudsburg, {PA}, {USA}",
  year       = "2010",
  url        = "http://dl.acm.org/citation.cfm?id=1873781.1873902"
} 
@article{sarkar2010neuralnetwork,
  title   = "{A} {N}ew {A}pproach to {K}eyphrase {E}xtraction {U}sing {N}eural {N}etworks",
  author  = "{S}arkar, {K}amal and {N}asipuri, {M}ita and {G}hose, {S}uranjan",
  journal = "{I}nternational {J}ournal of {C}omputer {S}cience {I}ssues {P}ublicity {B}oard 2010",
  year    = "2010"
}
@article{tsatsaronis2010textrelatedness,
  title      = "{T}ext {R}elatedness {B}ased on a {W}ord {T}hesaurus",
  author     = "{T}satsaronis, {G}eorge and {V}arlamis, {I}raklis and {V}azirgiannis, {M}ichalis",
  journal    = "{J}ournal of {A}rtificial {I}ntelligence {R}esearch",
  pages      = "1--40",
  publisher  = "{AI} {A}ccess {F}oundation",
  volume     = "37",
  number     = "1",
  issn       = "1076-9757",
  address    = "{USA}",
  month      = "jan",
  year       = "2010",
  url        = "http://dl.acm.org/citation.cfm?id=1861751.1861752"
} 
@inproceedings{lopez2010humb,
  title     = "{HUMB}: {A}utomatic {K}ey {T}erm {E}xtraction from {S}cientific {A}rticles in {GROBID}",
  author    = "{L}opez, {P}atrice  and  {R}omary, {L}aurent",
  booktitle = "{P}roceedings of the 5th {I}nternational {W}orkshop on {S}emantic {E}valuation",
  pages     = "248--251",
  publisher = "{A}ssociation for {C}omputational {L}inguistics",
  address   = "{U}ppsala, {S}weden",
  year      = "2010",
  month     = "{J}uly",
  url       = "http://www.aclweb.org/anthology/S10-1055"
}
##### 2011 #####################################################################
@inproceedings{ding2011binaryintegerprogramming,
  title     = "{K}eyphrase {E}xtraction from {O}nline {N}ews {U}sing {B}inary {I}nteger {P}rogramming",
  author    = "{D}ing, {Z}huoye  and  {Z}hang, {Q}i  and  {H}uang, {X}uanjing",
  booktitle = "{P}roceedings of the 5th {I}nternational {J}oint {C}onference on {N}atural {L}anguage {P}rocessing (IJCNLP)",
  pages     = "165--173",
  publisher = "{A}sian {F}ederation of {N}atural {L}anguage {P}rocessing",
  address   = "{C}hiang {M}ai, {T}hailand",
  month     = "{N}ovember",
  year      = "2011",
  url       = "http://www.aclweb.org/anthology/I11-1019"
}
@inproceedings{liu2011vocabularygap,
  title      = "{A}utomatic {K}eyphrase {E}xtraction by {B}ridging {V}ocabulary {G}ap",
  author     = "{L}iu, {Z}hiyuan and {C}hen, {X}inxiong and {Z}heng, {Y}abin and {S}un, {M}aosong",
  booktitle  = "{P}roceedings of the 15th {C}onference on {C}omputational {N}atural {L}anguage {L}earning",
  pages      = "135--144",
  publisher  = "{A}ssociation for {C}omputational {L}inguistics",
  isbn       = "978-1-932432-92-3",
  address    = "{S}troudsburg, {PA}, {USA}",
  year       = "2011",
  url        = "http://dl.acm.org/citation.cfm?id=2018936.2018952"
} 
@inproceedings{rocheteau2011termsuite,
  title     = "{TTC} {T}erm{S}uite - {A} {UIMA} {A}pplication for {M}ultilingual {T}erminology {E}xtraction from {C}omparable {C}orpora",
  author    = "{R}ocheteau, {J}érôme  and  {D}aille, {B}éatrice",
  booktitle = "{P}roceedings of the {IJCNLP} 2011 {S}ystem {D}emonstrations",
  pages     = "9--12",
  publisher = "{A}sian {F}ederation of {N}atural {L}anguage {P}rocessing",
  address   = "{C}hiang {M}ai, {T}hailand",
  year      = "2011",
  month     = "{N}ovember",
  url       = "http://www.aclweb.org/anthology/I11-2003"
}
@inproceedings{lau2011topiclabeling,
  title     = "{A}utomatic {L}abelling of {T}opic {M}odels",
  author    = "{L}au, {J}ey {H}an  and  {G}rieser, {K}arl  and  {N}ewman, {D}avid  and  {B}aldwin, {T}imothy",
  booktitle = "{P}roceedings of the 49th {A}nnual {M}eeting of the {A}ssociation for {C}omputational {L}inguistics: {H}uman {L}anguage {T}echnologies",
  pages     = "1536--1545",
  publisher = "{A}ssociation for {C}omputational {L}inguistics",
  address   = "{P}ortland, {O}regon, {USA}",
  month     = "{J}une",
  year      = "2011",
  url       = "http://www.aclweb.org/anthology/P11-1154"
}
@incollection{fatima2011automaticdocumentannotation,
  title     = "{A}utomatic {D}ocuments {A}nnotation by {K}eyphrase {E}xtraction in {D}igital {L}ibraries using {T}axonomy",
  author    = "{F}atima, {I}ram and {K}hattak, {A}sad {M}asood and {L}ee, {Y}oung-{K}oo and {L}ee, {S}ungyoung",
  booktitle = "{F}uture {I}nformation {T}echnology",
  pages     = "47--56",
  publisher = "{S}pringer",
  year      = "2011"
}
##### 2012 #####################################################################
@inproceedings{claveau2012vectorisation,
  title     = "{V}ectorisation, {O}kapi et calcul de similarité pour le {TAL} : pour oublier enfin le {TF}-{IDF} ({V}ectorization, {O}kapi and {C}omputing {S}imilarity for {NLP} : {S}ay {G}oodbye to {TF}-{IDF}) [in {F}rench]",
  author    = "{C}laveau, {V}incent",
  booktitle = "{P}roceedings of the {J}oint {C}onference {JEP}-{TALN}-{RECITAL} 2012, {V}olume 2: {TALN}",
  pages     = "85--98",
  publisher = "{ATALA}/{AFCP}",
  address   = "{G}renoble, {F}rance",
  month     = "{J}une",
  year      = "2012",
  url       = "http://www.aclweb.org/anthology/F12-2007"
}
@inproceedings{paroubek2012deft,
  title     = "{I}ndexation libre et contrôlée d'articles scientifiques. {P}résentation et résultats du défi fouille de textes {DEFT}2012 ({C}ontrolled and {F}ree {I}ndexing of {S}cientific {P}apers. {P}resentation and {R}esults of the {DEFT}2012 {T}ext-{M}ining {C}hallenge) [in {F}rench]",
  author    = "{P}aroubek, {P}atrick  and  {Z}weigenbaum, {P}ierre  and  {F}orest, {D}ominic  and  {G}rouin, {C}yril",
  booktitle = "{P}roceedings of the {J}oint {C}onference {JEP}-{TALN}-{RECITAL} 2012, {W}orkshop {DEFT} 2012: {DÉ}fi {F}ouille de {T}extes ({DEFT} 2012 {W}orkshop: {T}ext {M}ining {C}hallenge)",
  pages     = "1--13",
  publisher = "{ATALA}/{AFCP}",
  address   = "{G}renoble, {F}rance",
  month     = "{J}une",
  year      = "2012",
  url       = "http://www.aclweb.org/anthology/W12-1101"
}
@inproceedings{denis2009melt,
  title     = "{C}oupling an {A}nnotated {C}orpus and a {M}orphosyntactic {L}exicon for {S}tate-of-the-{A}rt {POS} {T}agging with {L}ess {H}uman {E}ffort",
  author    = "{D}enis, {P}ascal and {S}agot, {B}enoît",
  booktitle = "{P}roceedings of the 23rd {P}acific {A}sia {C}onference on {L}anguage, {I}nformation and {C}omputation ({PACLIC})",
  pages     = "110--119",
  publisher = "{C}ity {U}niversity of {H}ong {K}ong",
  address   = "{H}ong {K}ong",
  month     = "{D}ecember",
  year      = "2009",
  url       = "http://www.aclweb.org/anthology/Y09-1013"
} 
@inproceedings{bhaskar2012keyphraseextraction,
  title     = "{K}eyphrase {E}xtraction in {S}cientific {A}rticles: {A} {S}upervised {A}pproach",
  author    = "{B}haskar, {P}inaki  and  {N}ongmeikapam, {K}ishorjit  and  {B}andyopadhyay, {S}ivaji",
  booktitle = "{P}roceedings of {COLING} 2012: {D}emonstration {P}apers",
  pages     = "17--24",
  publisher = "{T}he {COLING} 2012 {O}rganizing {C}ommittee",
  address   = "{M}umbai, {I}ndia",
  month     = "{D}ecember",
  year      = "2012",
  url       = "http://www.aclweb.org/anthology/C12-3003"
}
@inproceedings{bertels2012etudesemantiquedesmotscles,
  title     = "{É}tude sémantique des mots-clés et des marqueurs lexicaux stables dans un corpus technique ({S}emantic {A}nalysis of {K}eywords and {S}table {L}exical {M}arkers in a {T}echnical {C}orpus) [in {F}rench]",
  author    = "{B}ertels, {A}nn  and  {D}e {H}ertog, {D}irk  and  {H}eylen, {K}ris",
  booktitle = "{P}roceedings of the {J}oint {C}onference {JEP}-{TALN}-{RECITAL} 2012, volume 2: {TALN}",
  pages     = "239--252",
  month     = "{J}une",
  address   = "{G}renoble, {F}rance",
  publisher = "{ATALA}/{AFCP}",
  year      = "2012",
  url       = "http://www.aclweb.org/anthology/F12-2018"
}
@article{sarkar2012machinelearningcomparison,
  title   = "{M}achine {L}earning {B}ased {K}eyphrase {E}xtraction: {C}omparing {D}ecision {T}rees, {N}aïve {B}ayes, and {A}rtificial {N}eural {N}etworks",
  author  = "{S}arkar, {K}amal and {N}asipuri, {M}ita and {G}hose, {S}uranjan",
  year    = "2012"
}
##### 2013 #####################################################################
@inproceedings{boudin2013multisentencecompression,
  title     = "{K}eyphrase {E}xtraction for {N}-best {R}eranking in {M}ulti-{S}entence {C}ompression",
  author    = "{B}oudin, {F}lorian and {M}orin, {E}mmanuel",
  booktitle = "{P}roceedings of the {N}orth {A}merican {C}hapter of the {A}ssociation for {C}omputational {L}inguistics ({NAACL})",
  pages     = "298--305",
  publisher = "{A}ssociation for {C}omputational {L}inguistics",
  address   = "{A}tlanta, {G}eorgia",
  month     = "{J}une",
  year      = "2013",
  url       = "http://www.aclweb.org/anthology/N13-1030"
}
@inproceedings{boudin2013centrality_measures,
  title     = "{A} {C}omparison of {C}entrality {M}easures for {G}raph-{B}ased {K}eyphrase {E}xtraction",
  author    = "{B}oudin, {F}lorian",
  booktitle = "{P}roceedings of the 6th {I}nternational {J}oint {C}onference on {N}atural {L}anguage {P}rocessing",
  pages     = "834--838",
  publisher = "{A}sian {F}ederation of {N}atural {L}anguage {P}rocessing",
  address   = "{N}agoya, {J}apan",
  month     = "{O}ctober",
  year      = "2013",
  url       = "http://www.aclweb.org/anthology/I13-1102"
}
@inproceedings{bougouin2013stateoftheart,
  title     = "{É}tat de l'art des méthodes d'extraction automatique de termes-clés",
  author    = "{B}ougouin, {A}drien",
  booktitle = "{A}ctes de la 15e {R}encontres des {É}tudiants {C}hercheurs en {I}nformatique pour le {T}raitement {A}utomatique des {L}angues ({RECITAL}'2013)",
  address   = "{S}ables d'{O}lonne, {F}rance",
  year      = "2013",
  pages     = "96--109"
}
@inproceedings{bougouin2013topicrank,
  title     = "{T}opicRank: {G}raph-{B}ased {T}opic {R}anking for {K}eyphrase {E}xtraction",
  author    = "{B}ougouin, {A}drien and {B}oudin, {F}lorian and {D}aille, {B}éatrice",
  booktitle = "{P}roceedings of the 6th {I}nternational {J}oint {C}onference on {N}atural {L}anguage {P}rocessing ({IJCNLP})",
  pages     = "543--551",
  publisher = "{A}sian {F}ederation of {N}atural {L}anguage {P}rocessing",
  address   = "{N}agoya, {J}apan",
  month     = "{O}ctober",
  year      = "2013",
  url       = "http://www.aclweb.org/anthology/I13-1062"
}
@inproceedings{pradet2013wonef,
  title     = "{WoNeF} : amélioration, extension et évaluation d'une traduction française automatique de {WordNet}",
  author    = "{P}radet, {Q}uentin and {B}aguenier-{D}esormeaux, {J}eanne and de {C}halendar, {G}aël and {D}anlos, {L}aurence",
  booktitle = "{A}ctes de la 20e conférence sur le {T}raitement {A}utomatique des {L}angues {N}aturelles ({TALN}'2013)",
  year      = "2013",
  address   = "{L}es {S}ables d'{O}lonne, {F}rance",
  pages     = "76--89"
}
@inproceedings{harastani2013relationaladjectivetranslation,
  title     = "{I}dentification, alignement, et traductions des adjectifs relationnels en corpus comparables",
  author    = "{H}arastani, {R}ima and {D}aille, {B}éatrice and {M}orin, {E}mmanuel",
  booktitle = "{A}ctes de la 20e conférence sur le {T}raitement {A}utomatique des {L}angues {N}aturelles ({TALN}'2013)",
  pages     = "313--326",
  address   = "{L}es {S}ables d'{O}lonne, {F}rance",
  year      = "2013"
}
@article{schwab2013desambiguisation,
  title     = "{D}ésambiguïsation lexicale de textes: efficacité qualitative et temporelle d’un algorithme à colonies de fourmis",
  author    = "{S}chwab, {D}idier and {G}oulian, {J}érôme and {T}chechmedjiev, {A}ndon",
  journal   = "{T}raitement {A}utomatique des {L}angues ({TAL})",
  publisher = "{A}ssociation pour le {T}raitement {A}utomatique des {L}angues ({ATALA})",
  volume    = "54",
  number    = "1",
  year      = "2013",
  url       = "http://www.atala.org/-Varia,90-"
}
@book{kozareva2013textgraphs,
  title     = "{P}roceedings of {TextGraphs}-8 {G}raph-{B}ased {M}ethods for {N}atural {L}anguage {P}rocessing",
  editor    = "{K}ozareva, {Z}ornitsa and {M}atveeva, {I}rina and {M}elli, {G}abor and {N}astase, {V}ivi",
  publisher = "{A}ssociation for {C}omputational {L}inguistics",
  address   = "{S}eattle, {W}ashington, {USA}",
  month     = "{O}ctober",
  year      = "2013",
  url       = "http://www.aclweb.org/anthology/W13-50"
}
##### 2014 #####################################################################
@inproceedings{hasan2014state_of_the_art,
  title     = "{A}utomatic {K}eyphrase {E}xtraction: {A} {S}urvey of the {S}tate of the {A}rt",
  author    = "{H}asan, {K}azi {S}aidul and {N}g, {V}incent",
  booktitle = "{P}roceedings of the {A}ssociation for {C}omputational {L}inguistics ({ACL})",
  publisher = "{A}ssociation for {C}omputational {L}inguistics",
  address   = "{B}altimore, {M}aryland",
  month     = "{J}une",
  year      = "2014"
}
@article{lahiri2014boudinlike,
  title   = "{K}eyword and {K}eyphrase {E}xtraction {U}sing {C}entrality {M}easures on {C}ollocation {N}etworks",
  author  = "{L}ahiri, {S}hibamouli and {C}houdhury, {S}agnik~{R}. and {C}aragea, {C}ornelia",
  journal = "{A}rXiv e-prints",
  month   = "{J}anuary",
  year    = "2014"
}
@incollection{wang2014keyphraseextractionpreprocessing,
  title     = "{H}ow {P}reprocessing {A}ffects {U}nsupervised {K}eyphrase {E}xtraction",
  author    = "{W}ang, {R}ui and {L}iu, {W}ei and {M}c{D}onald, {C}hris",
  booktitle = "{C}omputational {L}inguistics and {I}ntelligent {T}ext {P}rocessing",
  pages     = "163-176",
  editor    = "{G}elbukh, {A}lexander",
  publisher = "{S}pringer {B}erlin {H}eidelberg",
  volume    = "8403",
  series    = "{L}ecture {N}otes in {C}omputer {S}cience",
  isbn      = "978-3-642-54905-2",
  year      = "2014",
  doi       = "10.1007/978-3-642-54906-9_14",
  url       = "http://dx.doi.org/10.1007/978-3-642-54906-9_14"
}


