##### 1967 #####################################################################
@incollection{cleverdon1967cranfield,
 author = {Cleverdon, Cyril},
 chapter = {{T}he {C}ranfield {T}ests on {I}ndex {L}anguage {D}evices},
 title = {Readings in information retrieval},
 editor = {Spärck Jones, Karen and Willett, Peter},
 year = {1997},
 isbn = {1-55860-454-5},
 pages = {47--59},
 numpages = {13},
 url = {http://dl.acm.org/citation.cfm?id=275537.275544},
 acmid = {275544},
 publisher = {Morgan Kaufmann Publishers Inc.},
 address = {San Francisco, CA, USA},
} 
##### 1972 #####################################################################
@article{jones1972tfidf,
  title   = "{A} {S}tatistical {I}nterpretation of {T}erm {S}pecificity and its {A}pplication in {R}etrieval",
  author = {Karen Spärck Jones},
  journal = "Journal of documentation",
  year    = "1972",
  volume={28},
  number={1},
  pages={11--21},
  publisher={MCB UP Ltd}
}
##### 1995 #####################################################################
@article{miller1995wordnet,
  title   = "{W}ord{N}et: a {L}exical {D}atabase for {E}nglish",
  author  = "Miller, George A.",
  journal = "Communications of the Association for Computational Linguistics",
  year    = "1995",
  pages = {39--41},
  volume = {38},
  number = {11},
  publisher = {ACM}
}
##### 1998 #####################################################################
@article{brin1998pagerank,
  title={{T}he {A}natomy of a {L}arge-{S}cale Hypertextual {W}eb {S}earch {E}ngine},
  author={Brin, Sergey and Page, Lawrence},
  journal={Computer networks and {ISDN} systems},
  volume={30},
  number={1},
  pages={107--117},
  year={1998},
  publisher={Elsevier}
}
##### 1999 #####################################################################
@inproceedings{jones1999phrasier,
 author = {Jones, Steve and Staveley, Mark S.},
 title = {Phrasier: a system for interactive document retrieval using keyphrases},
 booktitle = {Proceedings of the 22nd annual international ACM SIGIR conference on Research and development in information retrieval},
 series = {SIGIR '99},
 year = {1999},
 isbn = {1-58113-096-1},
 location = {Berkeley, California, USA},
 pages = {160--167},
 numpages = {8},
 url = {http://doi.acm.org/10.1145/312624.312671},
 doi = {10.1145/312624.312671},
 acmid = {312671},
 publisher = {ACM},
 address = {New York, NY, USA},
 keywords = {evaluation, interactive retrieval interface, keyphrase-based retrieval, query interface}
}
@inproceedings{voorhees1999mrr,
  title     = "{T}he {TREC}-8 {Q}uestion {A}nswering {T}rack {R}eport",
  author    = "Voorhees, E.M. and others",
  booktitle = "Proceedings of TREC",
  pages={77--82},
  year      = "1999"
}
@inproceedings{herbrich1999svm,
  title     = "{S}upport {V}ector {L}earning for {O}rdinal {R}egression",
  author    = "Ralf Herbrich and Thore Graepel and Klaus Obermayer",
  booktitle = "International Conference on Artificial Neural Networks",
  year      = "1999",
  pages = {97--102}
}
@inproceedings{witten1999kea,
 author = {Witten, Ian H. and Paynter, Gordon W. and Frank, Eibe and Gutwin, Carl and Nevill-Manning, Craig G.},
 title = {KEA: practical automatic keyphrase extraction},
 booktitle = {Proceedings of the fourth ACM conference on Digital libraries},
 series = {DL '99},
 year = {1999},
 isbn = {1-58113-145-3},
 location = {Berkeley, California, USA},
 pages = {254--255},
 numpages = {2},
 url = {http://doi.acm.org/10.1145/313238.313437},
 doi = {10.1145/313238.313437},
 acmid = {313437},
 publisher = {ACM},
 address = {New York, NY, USA}
} 
@inproceedings{frank1999keyfrequency,
 author = {Frank, Eibe and Paynter, Gordon W. and Witten, Ian H. and Gutwin, Carl and Nevill-Manning, Craig G.},
 title = {Domain-specific keyphrase extraction},
 booktitle = {Proceedings of the 16th international joint conference on Artificial intelligence - Volume 2},
 series = {IJCAI'99},
 year = {1999},
 location = {Stockholm, Sweden},
 pages = {668--673},
 numpages = {6},
 url = {http://dl.acm.org/citation.cfm?id=1624312.1624314},
 acmid = {1624314},
 publisher = {Morgan Kaufmann Publishers Inc.},
 address = {San Francisco, CA, USA},
} 
@article{turney1999learningalgorithms,
 author = {Turney, Peter D.},
 title = {Learning Algorithms for Keyphrase Extraction},
 journal = {Inf. Retr.},
 issue_date = {May 2000},
 volume = {2},
 number = {4},
 month = {may},
 year = {2000},
 issn = {1386-4564},
 pages = {303--336},
 numpages = {34},
 url = {http://dx.doi.org/10.1023/A:1009976227802},
 doi = {10.1023/A:1009976227802},
 acmid = {593993},
 publisher = {Kluwer Academic Publishers},
 address = {Hingham, MA, USA},
 keywords = {indexing, keyphrase extraction, keywords, machine learning, summarization},
} 
@article{kleinberg1999hits,
 author = {Kleinberg, Jon M.},
 title = {Authoritative sources in a hyperlinked environment},
 journal = {J. ACM},
 issue_date = {Sept. 1999},
 volume = {46},
 number = {5},
 month = {sep},
 year = {1999},
 issn = {0004-5411},
 pages = {604--632},
 numpages = {29},
 url = {http://doi.acm.org/10.1145/324133.324140},
 doi = {10.1145/324133.324140},
 acmid = {324140},
 publisher = {ACM},
 address = {New York, NY, USA},
 keywords = {World Wide Web, graph algorithms, hypertext structure, link analysis},
} 
@inproceedings{robertson1999okapi,
  author    = {Stephen E. Robertson and
               Steve Walker and
               Micheline Hancock-Beaulieu},
  title     = {{O}kapi at {TREC}-7: {A}utomatic {A}d {H}oc, {F}iltering, {VLC} and {I}nteractive {T}rack},
  booktitle = {TREC},
  year      = {1998},
  pages     = {199-210},
  bibsource = {DBLP, http://dblp.uni-trier.de}
}
##### 2000 #####################################################################
@inproceedings{barker2000nounphrasehead,
 author = {Barker, Ken and Cornacchia, Nadia},
 title = {Using Noun Phrase Heads to Extract Document Keyphrases},
 booktitle = {Proceedings of the 13th Biennial Conference of the Canadian Society on Computational Studies of Intelligence: Advances in Artificial Intelligence},
 series = {AI '00},
 year = {2000},
 isbn = {3-540-67557-4},
 pages = {40--52},
 numpages = {13},
 url = {http://dl.acm.org/citation.cfm?id=647461.726264},
 acmid = {726264},
 publisher = {Springer-Verlag},
 address = {London, UK, UK},
} 
@article{jones2000hierarchicaldocumentclustering,
  title   = "{H}ierarchical {D}ocument {C}lustering {U}sing {A}utomatically {E}xtracted {K}eyphrases",
  author  = "Jones, S. and Mahoui, M.",
  year    = "2000"
}
##### 2002 #####################################################################
@inproceedings{voorhees2002philosophy,
 author = {Voorhees, Ellen M.},
 title = {The Philosophy of Information Retrieval Evaluation},
 booktitle = {Revised Papers from the Second Workshop of the Cross-Language Evaluation Forum on Evaluation of Cross-Language Information Retrieval Systems},
 series = {CLEF '01},
 year = {2002},
 isbn = {3-540-44042-9},
 pages = {355--370},
 numpages = {16},
 url = {http://dl.acm.org/citation.cfm?id=648264.753539},
 acmid = {753539},
 publisher = {Springer-Verlag},
 address = {London, UK, UK},
}
##### 2003 #####################################################################
@inproceedings{hulth2003keywordextraction,
 author = {Hulth, Anette},
 title = {Improved automatic keyword extraction given more linguistic knowledge},
 booktitle = {Proceedings of the 2003 conference on Empirical methods in natural language processing},
 series = {EMNLP '03},
 year = {2003},
 pages = {216--223},
 numpages = {8},
 url = {http://dx.doi.org/10.3115/1119355.1119383},
 doi = {10.3115/1119355.1119383},
 acmid = {1119383},
 publisher = {Association for Computational Linguistics},
 address = {Stroudsburg, PA, USA},
} 
@inproceedings{tomokiyo2003languagemodel,
 author = {Tomokiyo, Takashi and Hurst, Matthew},
 title = {A language model approach to keyphrase extraction},
 booktitle = {Proceedings of the ACL 2003 workshop on Multiword expressions: analysis, acquisition and treatment - Volume 18},
 series = {MWE '03},
 year = {2003},
 location = {Sapporo, Japan},
 pages = {33--40},
 numpages = {8},
 url = {http://dx.doi.org/10.3115/1119282.1119287},
 doi = {10.3115/1119282.1119287},
 acmid = {1119287},
 publisher = {Association for Computational Linguistics},
 address = {Stroudsburg, PA, USA},
} 
@inproceedings{toutanova2003stanfordpostagger,
 author = {Toutanova, Kristina and Klein, Dan and Manning, Christopher D. and Singer, Yoram},
 title = {Feature-rich part-of-speech tagging with a cyclic dependency network},
 booktitle = {Proceedings of the 2003 Conference of the North American Chapter of the Association for Computational Linguistics on Human Language Technology - Volume 1},
 series = {NAACL '03},
 year = {2003},
 location = {Edmonton, Canada},
 pages = {173--180},
 numpages = {8},
 url = {http://dx.doi.org/10.3115/1073445.1073478},
 doi = {10.3115/1073445.1073478},
 acmid = {1073478},
 publisher = {Association for Computational Linguistics},
 address = {Stroudsburg, PA, USA},
} 
@inproceedings{turney2003keacoherence,
 author = {Turney, Peter D.},
 title = {Coherent keyphrase extraction via web mining},
 booktitle = {Proceedings of the 18th international joint conference on Artificial intelligence},
 series = {IJCAI'03},
 year = {2003},
 location = {Acapulco, Mexico},
 pages = {434--439},
 numpages = {6},
 url = {http://dl.acm.org/citation.cfm?id=1630659.1630724},
 acmid = {1630724},
 publisher = {Morgan Kaufmann Publishers Inc.},
 address = {San Francisco, CA, USA},
} 
@article{blei2003lda,
 author = {Blei, David M. and Ng, Andrew Y. and Jordan, Michael I.},
 title = {{L}atent {D}irichlet {A}llocation},
 journal = {J. Mach. Learn. Res.},
 issue_date = {3/1/2003},
 volume = {3},
 year = {2003},
 issn = {1532-4435},
 pages = {993--1022},
 numpages = {30},
 url = {http://dl.acm.org/citation.cfm?id=944919.944937},
 acmid = {944937},
 publisher = {JMLR.org},
}
@article{sujian2003maximumentropy,
  title   = {{N}ews-{O}riented {K}eyword {I}ndexing with {M}aximum {E}ntropy {P}rinciple},
  author  = {Sujian, Li and Houfeng, Wang and Shiwen, Yu and Chengsheng, Xin},
  year    = {2003}
}
##### 2004 #####################################################################
@inproceedings{buckley2004bref,
 author = {Buckley, Chris and Voorhees, Ellen M.},
 title = {Retrieval evaluation with incomplete information},
 booktitle = {Proceedings of the 27th annual international ACM SIGIR conference on Research and development in information retrieval},
 series = {SIGIR '04},
 year = {2004},
 isbn = {1-58113-881-4},
 location = {Sheffield, United Kingdom},
 pages = {25--32},
 numpages = {8},
 url = {http://doi.acm.org/10.1145/1008992.1009000},
 doi = {10.1145/1008992.1009000},
 acmid = {1009000},
 publisher = {ACM},
 address = {New York, NY, USA},
 keywords = {cranfield, incomplete judgments},
} 
@inproceedings{mihalcea2004textrank,
  author    = {Mihalcea, Rada  and  Tarau, Paul},
  title     = {{T}extRank: {B}ringing {O}rder {I}nto {T}exts},
  booktitle = {Proceedings of the 2004 Conference on Empirical Methods in Natural Language Processing},
  editor = {Dekang Lin and Dekai Wu},
  year      = {2004},
  month     = {July},
  address   = {Barcelona, Spain},
  publisher = {Association for Computational Linguistics},
  pages     = {404--411}
}
@article{matsuo2004wordcooccurrence,
  title={{K}eyword {E}xtraction from a {S}ingle {D}ocument {U}sing {W}ord {C}o-occurrence {S}tatistical {I}nformation},
  author={Matsuo, Yutaka and Ishizuka, Mitsuru},
  journal={International Journal on Artificial Intelligence Tools},
  volume={13},
  number={01},
  pages={157--169},
  year={2004},
  publisher={World Scientific}
}
##### 2005 #####################################################################
@inproceedings{mihalcea2005language,
  title={A language independent algorithm for single and multiple document summarization},
  author={Mihalcea, Rada and Tarau, Paul},
  booktitle={Proceedings of 2nd International Joint Conference on Natural Language Processing},
  year={2005},
  pages={19--24}
}
##### 2006 #####################################################################
@inproceedings{joachims2006linearsvm,
 author = {Joachims, Thorsten},
 title = {Training linear SVMs in linear time},
 booktitle = {Proceedings of the 12th ACM SIGKDD international conference on Knowledge discovery and data mining},
 series = {KDD '06},
 year = {2006},
 isbn = {1-59593-339-5},
 location = {Philadelphia, PA, USA},
 pages = {217--226},
 numpages = {10},
 url = {http://doi.acm.org/10.1145/1150402.1150429},
 doi = {10.1145/1150402.1150429},
 acmid = {1150429},
 publisher = {ACM},
 address = {New York, NY, USA},
 keywords = {ROC-area, large-scale problems, ordinal regression, support vector machines (SVM), training algorithms},
} 
@inproceedings{zhang2006svm,
 author = {Zhang, Kuo and Xu, Hui and Tang, Jie and Li, Juanzi},
 title = {Keyword extraction using support vector machine},
 booktitle = {Proceedings of the 7th international conference on Advances in Web-Age Information Management},
 series = {WAIM '06},
 year = {2006},
 isbn = {3-540-35225-2, 978-3-540-35225-9},
 location = {Hong Kong, China},
 pages = {85--96},
 numpages = {12},
 url = {http://dx.doi.org/10.1007/11775300_8},
 doi = {10.1007/11775300_8},
 acmid = {2135432},
 publisher = {Springer-Verlag},
 address = {Berlin, Heidelberg},
} 
##### 2007 #####################################################################
@inproceedings{nguyen2007keadocumentstructure,
 author = {Nguyen, Thuy Dung and Kan, Min-Yen},
 title = {Keyphrase extraction in scientific publications},
 booktitle = {Proceedings of the 10th international conference on Asian digital libraries: looking back 10 years and forging new frontiers},
 series = {ICADL'07},
 year = {2007},
 isbn = {3-540-77093-3, 978-3-540-77093-0},
 location = {Hanoi, Vietnam},
 pages = {317--326},
 numpages = {10},
 url = {http://dl.acm.org/citation.cfm?id=1780653.1780707},
 acmid = {1780707},
 publisher = {Springer-Verlag},
 address = {Berlin, Heidelberg},
} 
@InProceedings{wan2007iterativereinforcement,
  author    = {Wan, Xiaojun  and  Yang, Jianwu  and  Xiao, Jianguo},
  title     = {Towards an Iterative Reinforcement Approach for Simultaneous Document Summarization and Keyword Extraction},
  booktitle = {Proceedings of the 45th Annual Meeting of the Association of Computational Linguistics},
  month     = {June},
  year      = {2007},
  address   = {Prague, Czech Republic},
  publisher = {Association for Computational Linguistics},
  pages     = {552--559},
  url       = {http://www.aclweb.org/anthology/P/P07/P07-1070}
}
@inproceedings{han2007webdocumentclustering,
 author = {Han, Juhyun and Kim, Taehwan and Choi, Joongmin},
 title = {Web Document Clustering by Using Automatic Keyphrase Extraction},
 booktitle = {Proceedings of the 2007 IEEE/WIC/ACM International Conferences on Web Intelligence and Intelligent Agent Technology},
 series = {WI-IATW '07},
 year = {2007},
 isbn = {0-7695-3028-1},
 pages = {56--59},
 numpages = {4},
 url = {http://dl.acm.org/citation.cfm?id=1339264.1339658},
 acmid = {1339658},
 publisher = {IEEE Computer Society},
 address = {Washington, DC, USA},
 keywords = {Kea-means ClusteringKeyphrasesK-meansClustering},
} 
@article{vonluxburg2007spectralclustering,
 author = {Luxburg, Ulrike},
 title = {A tutorial on spectral clustering},
 journal = {Statistics and Computing},
 issue_date = {December  2007},
 volume = {17},
 number = {4},
 month = {dec},
 year = {2007},
 issn = {0960-3174},
 pages = {395--416},
 numpages = {22},
 url = {http://dx.doi.org/10.1007/s11222-007-9033-z},
 doi = {10.1007/s11222-007-9033-z},
 acmid = {1288832},
 publisher = {Kluwer Academic Publishers},
 address = {Hingham, MA, USA},
 keywords = {Graph Laplacian, Spectral clustering},
} 
@article{ercan2007lexicalchains,
 author = {Ercan, Gonenc and Cicekli, Ilyas},
 title = {Using lexical chains for keyword extraction},
 journal = {Inf. Process. Manage.},
 issue_date = {November, 2007},
 volume = {43},
 number = {6},
 month = {nov},
 year = {2007},
 issn = {0306-4573},
 pages = {1705--1714},
 numpages = {10},
 url = {http://dx.doi.org/10.1016/j.ipm.2007.01.015},
 doi = {10.1016/j.ipm.2007.01.015},
 acmid = {1285164},
 publisher = {Pergamon Press, Inc.},
 address = {Tarrytown, NY, USA},
 keywords = {Keyword extraction, Lexical chains, Machine learning, Natural language processing},
}
@book{ibekwe2007fouilledetextes,
  title     = "{F}ouille de {T}extes : {M}éthodes, {O}utils et {A}pplications",
  author    = "Ibekwe-SanJuan, F.",
  year      = "2007",
  publisher = "Hermes science publ."
}
##### 2008 #####################################################################
@inproceedings{litvak2008graphbased,
 author = {Litvak, Marina and Last, Mark},
 title = {Graph-based keyword extraction for single-document summarization},
 booktitle = {Proceedings of the Workshop on Multi-source Multilingual Information Extraction and Summarization},
 series = {MMIES '08},
 year = {2008},
 isbn = {978-1-905593-51-4},
 location = {Manchester, United Kingdom},
 pages = {17--24},
 numpages = {8},
 url = {http://dl.acm.org/citation.cfm?id=1613172.1613178},
 acmid = {1613178},
 publisher = {Association for Computational Linguistics},
 address = {Stroudsburg, PA, USA},
} 
@inproceedings{wan2008expandrank,
 author = {Wan, Xiaojun and Xiao, Jianguo},
 title = {Single document keyphrase extraction using neighborhood knowledge},
 booktitle = {Proceedings of the 23rd national conference on Artificial intelligence - Volume 2},
 series = {AAAI'08},
 year = {2008},
 isbn = {978-1-57735-368-3},
 location = {Chicago, Illinois},
 pages = {855--860},
 numpages = {6},
 url = {http://dl.acm.org/citation.cfm?id=1620163.1620205},
 acmid = {1620205},
 publisher = {AAAI Press},
} 
@inproceedings{wan2008collabrank,
 author = {Wan, Xiaojun and Xiao, Jianguo},
 title = {CollabRank: towards a collaborative approach to single-document keyphrase extraction},
 booktitle = {Proceedings of the 22nd International Conference on Computational Linguistics - Volume 1},
 series = {COLING '08},
 year = {2008},
 isbn = {978-1-905593-44-6},
 location = {Manchester, United Kingdom},
 pages = {969--976},
 numpages = {8},
 url = {http://dl.acm.org/citation.cfm?id=1599081.1599203},
 acmid = {1599203},
 publisher = {Association for Computational Linguistics},
 address = {Stroudsburg, PA, USA},
} 
@inproceedings{muthukrishman2008facetsdetection,
 author = {Muthukrishnan, Pradeep and Gerrish, Joshua and Radev, Dragomir R.},
 title = {Detecting multiple facets of an event using graph-based unsupervised methods},
 booktitle = {Proceedings of the 22nd International Conference on Computational Linguistics - Volume 1},
 series = {COLING '08},
 year = {2008},
 isbn = {978-1-905593-44-6},
 location = {Manchester, United Kingdom},
 pages = {609--616},
 numpages = {8},
 url = {http://dl.acm.org/citation.cfm?id=1599081.1599158},
 acmid = {1599158},
 publisher = {Association for Computational Linguistics},
 address = {Stroudsburg, PA, USA},
} 
@inproceedings{milne2008wikipediasemanticrelatedness,
  title     = "{A}n {E}ffective, {L}ow-{C}ost {M}easure of {S}emantic {R}elatedness {O}btained from {W}ikipedia {L}inks",
  author    = "Milne, D. and Witten, I.H.",
  booktitle = "Proceeding of Association for the Advancement of Artificial Intelligence Workshop on Wikipedia and Artificial Intelligence: an Evolving Synergy",
  year      = "2008",
  pages={25--30}
}
@inproceedings{nobata2008kleio,
 author = {Nobata, Chikashi and Cotter, Philip and Okazaki, Naoaki and Rea, Brian and Sasaki, Yutaka and Tsuruoka, Yoshimasa and Tsujii, Jun'ichi and Ananiadou, Sophia},
 title = {Kleio: a knowledge-enriched information retrieval system for biology},
 booktitle = {Proceedings of the 31st annual international ACM SIGIR conference on Research and development in information retrieval},
 series = {SIGIR '08},
 year = {2008},
 isbn = {978-1-60558-164-4},
 location = {Singapore, Singapore},
 pages = {787--788},
 numpages = {2},
 url = {http://doi.acm.org/10.1145/1390334.1390504},
 doi = {10.1145/1390334.1390504},
 acmid = {1390504},
 publisher = {ACM},
 address = {New York, NY, USA},
 keywords = {MEDLINE, information retrieval, named entity recognition},
} 
@article{medelyan2008smalltrainingset,
 author = {Medelyan, Olena and Witten, Ian H.},
 title = {Domain-independent automatic keyphrase indexing with small training sets},
 journal = {J. Am. Soc. Inf. Sci. Technol.},
 issue_date = {May 2008},
 volume = {59},
 number = {7},
 month = {may},
 year = {2008},
 issn = {1532-2882},
 pages = {1026--1040},
 numpages = {15},
 url = {http://dx.doi.org/10.1002/asi.v59:7},
 doi = {10.1002/asi.v59:7},
 acmid = {1364848},
 publisher = {John Wiley \& Sons, Inc.},
 address = {New York, NY, USA},
 keywords = {automatic indexing, controlled vocabularies, index terms, phrases, subject indexing},
} 
##### 2009 #####################################################################
@inproceedings{kim2009termextraction,
  title     = "{A}n {U}nsupervised {A}pproach to {D}omain-{S}pecific {T}erm {E}xtraction",
  author    = "Kim, S.N. and Kan, M.Y. and Baldwin, T.",
  booktitle = "Australasian Language Technology Association Workshop 2009",
  year      = "2009"
}
@inproceedings{liu2009keycluster,
 author = {Liu, Zhiyuan and Li, Peng and Zheng, Yabin and Sun, Maosong},
 title = {Clustering to find exemplar terms for keyphrase extraction},
 booktitle = {Proceedings of the 2009 Conference on Empirical Methods in Natural Language Processing: Volume 1},
 series = {EMNLP '09},
 year = {2009},
 isbn = {978-1-932432-59-6},
 location = {Singapore},
 pages = {257--266},
 numpages = {10},
 url = {http://dl.acm.org/citation.cfm?id=1699510.1699544},
 acmid = {1699544},
 publisher = {Association for Computational Linguistics},
 address = {Stroudsburg, PA, USA},
}
@InProceedings{liang2009querylog,
author    = {Weiming Liang and Chang-Ning Huang and Mu Li and Bao-Liang Lu},
title     = {Extracting Keyphrases from Chinese News Articles Using TextRank and Query Log Knowledge},
booktitle = {Proceedings of the 23rd Pacific Asia Conference on Language, Information and Computation},
year      = {2009},
month     = {December},
address   = {Hong Kong},
publisher = {City University of Hong Kong},
pages     = {733--740},
url       = {http://www.aclweb.org/anthology/Y09-2035}
}
@inproceedings{jiang2009rankingsvm,
 author = {Jiang, Xin and Hu, Yunhua and Li, Hang},
 title = {A ranking approach to keyphrase extraction},
 booktitle = {Proceedings of the 32nd international ACM SIGIR conference on Research and development in information retrieval},
 series = {SIGIR '09},
 year = {2009},
 isbn = {978-1-60558-483-6},
 location = {Boston, MA, USA},
 pages = {756--757},
 numpages = {2},
 url = {http://doi.acm.org/10.1145/1571941.1572113},
 doi = {10.1145/1571941.1572113},
 acmid = {1572113},
 publisher = {ACM},
 address = {New York, NY, USA},
 keywords = {keyphrase extraction, learning to rank, ranking SVM},
} 
@InProceedings{zesch2009rprecision,
  author    = {Zesch, Torsten  and  Gurevych, Iryna},
  title     = {Approximate Matching for Evaluating Keyphrase Extraction},
  booktitle = {Proceedings of the International Conference RANLP-2009},
  month     = {September},
  year      = {2009},
  address   = {Borovets, Bulgaria},
  publisher = {Association for Computational Linguistics},
  pages     = {484--489},
  url       = {http://www.aclweb.org/anthology/R09-1086}
}

@book{bird2009nltk,
  title     = "{N}atural {L}anguage {P}rocessing with {P}ython",
  author    = "Bird, S. and Klein, E. and Loper, E.",
  publisher = "O'Reilly Media",
  year      = "2009"
}
##### 2010 #####################################################################
@inproceedings{kim2010rprecision,
 author = {Kim, Su Nam and Baldwin, Timothy and Kan, Min-Yen},
 title = {Evaluating N-gram based evaluation metrics for automatic keyphrase extraction},
 booktitle = {Proceedings of the 23rd International Conference on Computational Linguistics},
 series = {COLING '10},
 year = {2010},
 location = {Beijing, China},
 pages = {572--580},
 numpages = {9},
 url = {http://dl.acm.org/citation.cfm?id=1873781.1873846},
 acmid = {1873846},
 publisher = {Association for Computational Linguistics},
 address = {Stroudsburg, PA, USA},
}
@inproceedings{eichler2010keywe,
 author = {Eichler, Kathrin and Neumann, G\"{u}nter},
 title = {DFKI KeyWE: Ranking keyphrases extracted from scientific articles},
 booktitle = {Proceedings of the 5th International Workshop on Semantic Evaluation},
 series = {SemEval '10},
 year = {2010},
 location = {Los Angeles, California},
 pages = {150--153},
 numpages = {4},
 url = {http://dl.acm.org/citation.cfm?id=1859664.1859695},
 acmid = {1859695},
 publisher = {Association for Computational Linguistics},
 address = {Stroudsburg, PA, USA},
} 
@inproceedings{paukkeri2010likey,
 author = {Paukkeri, Mari-Sanna and Honkela, Timo},
 title = {Likey: Unsupervised language-independent keyphrase extraction},
 booktitle = {Proceedings of the 5th International Workshop on Semantic Evaluation},
 series = {SemEval '10},
 year = {2010},
 location = {Los Angeles, California},
 pages = {162--165},
 numpages = {4},
 url = {http://dl.acm.org/citation.cfm?id=1859664.1859698},
 acmid = {1859698},
 publisher = {Association for Computational Linguistics},
 address = {Stroudsburg, PA, USA},
} 
@inproceedings{liu2010topicalpagerank,
 author = {Liu, Zhiyuan and Huang, Wenyi and Zheng, Yabin and Sun, Maosong},
 title = {Automatic keyphrase extraction via topic decomposition},
 booktitle = {Proceedings of the 2010 Conference on Empirical Methods in Natural Language Processing},
 series = {EMNLP '10},
 year = {2010},
 location = {Cambridge, Massachusetts},
 pages = {366--376},
 numpages = {11},
 url = {http://dl.acm.org/citation.cfm?id=1870658.1870694},
 acmid = {1870694},
 publisher = {Association for Computational Linguistics},
 address = {Stroudsburg, PA, USA},
}
@inproceedings{hassan2010conundrums,
 author = {Hasan, Kazi Saidul and Ng, Vincent},
 title = {Conundrums in unsupervised keyphrase extraction: making sense of the state-of-the-art},
 booktitle = {Proceedings of the 23rd International Conference on Computational Linguistics: Posters},
 series = {COLING '10},
 year = {2010},
 location = {Beijing, China},
 pages = {365--373},
 numpages = {9},
 url = {http://dl.acm.org/citation.cfm?id=1944566.1944608},
 acmid = {1944608},
 publisher = {Association for Computational Linguistics},
 address = {Stroudsburg, PA, USA},
} 
@inproceedings{kim2010semeval,
 author = {Kim, Su Nam and Medelyan, Olena and Kan, Min-Yen and Baldwin, Timothy},
 title = {SemEval-2010 task 5: Automatic keyphrase extraction from scientific articles},
 booktitle = {Proceedings of the 5th International Workshop on Semantic Evaluation},
 series = {SemEval '10},
 year = {2010},
 location = {Los Angeles, California},
 pages = {21--26},
 numpages = {6},
 url = {http://dl.acm.org/citation.cfm?id=1859664.1859668},
 acmid = {1859668},
 publisher = {Association for Computational Linguistics},
 address = {Stroudsburg, PA, USA},
} 
@inproceedings{tsatsaronis2010semanticrank,
 author = {Tsatsaronis, George and Varlamis, Iraklis and N{\o}rv{\aa}g, Kjetil},
 title = {SemanticRank: ranking keywords and sentences using semantic graphs},
 booktitle = {Proceedings of the 23rd International Conference on Computational Linguistics},
 series = {COLING '10},
 year = {2010},
 location = {Beijing, China},
 pages = {1074--1082},
 numpages = {9},
 url = {http://dl.acm.org/citation.cfm?id=1873781.1873902},
 acmid = {1873902},
 publisher = {Association for Computational Linguistics},
 address = {Stroudsburg, PA, USA},
} 
@article{sarkar2010neuralnetwork,
  title   = "{A} {N}ew {A}pproach to {K}eyphrase {E}xtraction {U}sing {N}eural {N}etworks",
  author  = "Sarkar, K. and Nasipuri, M. and Ghose, S.",
  journal = "International Journal of Computer Science Issues Publicity Board 2010",
  year    = "2010"
}
@article{tsatsaronis2010textrelatedness,
 author = {Tsatsaronis, George and Varlamis, Iraklis and Vazirgiannis, Michalis},
 title = {Text relatedness based on a word thesaurus},
 journal = {J. Artif. Int. Res.},
 issue_date = {January 2010},
 volume = {37},
 number = {1},
 month = {jan},
 year = {2010},
 issn = {1076-9757},
 pages = {1--40},
 numpages = {40},
 url = {http://dl.acm.org/citation.cfm?id=1861751.1861752},
 acmid = {1861752},
 publisher = {AI Access Foundation},
 address = {USA},
} 
##### 2011 #####################################################################
@InProceedings{ding2011binaryintegerprogramming,
  author    = {Ding, Zhuoye  and  Zhang, Qi  and  Huang, Xuanjing},
  title     = {Keyphrase Extraction from Online News Using Binary Integer Programming},
  booktitle = {Proceedings of 5th International Joint Conference on Natural Language Processing},
  month     = {November},
  year      = {2011},
  address   = {Chiang Mai, Thailand},
  publisher = {Asian Federation of Natural Language Processing},
  pages     = {165--173},
  url       = {http://www.aclweb.org/anthology/I11-1019}
}
@inproceedings{liu2011vocabularygap,
 author = {Liu, Zhiyuan and Chen, Xinxiong and Zheng, Yabin and Sun, Maosong},
 title = {Automatic keyphrase extraction by bridging vocabulary gap},
 booktitle = {Proceedings of the Fifteenth Conference on Computational Natural Language Learning},
 series = {CoNLL '11},
 year = {2011},
 isbn = {978-1-932432-92-3},
 location = {Portland, Oregon},
 pages = {135--144},
 numpages = {10},
 url = {http://dl.acm.org/citation.cfm?id=2018936.2018952},
 acmid = {2018952},
 publisher = {Association for Computational Linguistics},
 address = {Stroudsburg, PA, USA},
} 
##### 2012 #####################################################################
@InProceedings{claveau2012vectorisation,
  author    = {Claveau, Vincent},
  title     = {Vectorisation, Okapi et calcul de similarit{\'e} pour le TAL : pour oublier enfin le TF-IDF (Vectorization, Okapi and Computing Similarity for NLP : Say Goodbye to TF-IDF) [in French]},
  booktitle = {Proceedings of the Joint Conference JEP-TALN-RECITAL 2012, volume 2: TALN},
  month     = {June},
  year      = {2012},
  address   = {Grenoble, France},
  publisher = {ATALA/AFCP},
  pages     = {85--98},
  url       = {http://www.aclweb.org/anthology/F12-2007}
}

@article{sarkar2012machinelearningcomparison,
  title   = "{M}achine {L}earning {B}ased {K}eyphrase {E}xtraction: {C}omparing {D}ecision {T}rees, {N}aïve {B}ayes, and {A}rtificial {N}eural {N}etworks",
  author  = "Sarkar, K. and Nasipuri, M. and Ghose, S.",
  year    = "2012"
}
@InProceedings{paroubek2012deft,
  author    = {Paroubek, Patrick  and  Zweigenbaum, Pierre  and  Forest, Dominic  and  Grouin, Cyril},
  title     = {Indexation libre et contr{\^o}l{\'e}e d'articles scientifiques. Pr{\'e}sentation et r{\'e}sultats du d{\'e}fi fouille de textes DEFT2012 (Controlled and free indexing of scientific papers. Presentation and results of the DEFT2012 text-mining challenge) [in French]},
  booktitle = {JEP-TALN-RECITAL 2012, Workshop DEFT 2012: D{\'E}fi Fouille de Textes (DEFT 2012 Workshop: Text Mining Challenge)},
  month     = {June},
  year      = {2012},
  address   = {Grenoble, France},
  publisher = {ATALA/AFCP},
  pages     = {1--13},
  url       = {http://www.aclweb.org/anthology/W12-1101}
}
@article{denis2009melt,
 author = {Denis, Pascal and Sagot, Beno\^{\i}t},
 title = {Coupling an annotated corpus and a lexicon for state-of-the-art POS tagging},
 journal = {Lang. Resour. Eval.},
 issue_date = {December  2012},
 volume = {46},
 number = {4},
 year = {2012},
 issn = {1574-020X},
 pages = {721--736},
 numpages = {16},
 url = {http://dx.doi.org/10.1007/s10579-012-9193-0},
 doi = {10.1007/s10579-012-9193-0},
 acmid = {2423819},
 publisher = {Springer-Verlag New York, Inc.},
 address = {Secaucus, NJ, USA},
 keywords = {French, Language resource development, Maximum entropy models, Morphosyntactic lexicon, Part-of-speech tagging},
} 
##### 2013 #####################################################################
@inproceedings{boudin2013multisentencecompression,
  title     = "{K}eyphrase {E}xtraction for {N}-best {R}eranking in {M}ulti-{S}entence {C}ompression",
  author    = "Boudin, F. and Morin, E.",
  booktitle = "Proceedings of the North American Chapter of the Association for Computational Linguistics (NAACL)",
  year      = "2013"
}

