@book{Manning:1999,
 author = {Manning, Christopher D. and Sch\"{u}tze, Hinrich},
 title = {Foundations of Statistical Natural Language Processing},
 year = {1999},
 OPTisbn = {0-262-13360-1},
 publisher = {MIT Press},
 address = {Cambridge, MA, USA},
} 

@inproceedings{kim2010semeval,
  title      = "{S}em{E}val-2010 task 5: {A}utomatic {K}eyphrase {E}xtraction from {S}cientific {A}rticles",
  author     = "{K}im, {S}u {N}am and {M}edelyan, {O}lena and {K}an, {M}in-{Y}en and {B}aldwin, {T}imothy",
  booktitle  = "{P}roceedings of the 5th {I}nternational {W}orkshop on {S}emantic {E}valuation (SemEval)",
  pages      = "21--26",
  publisher  = "{A}ssociation for {C}omputational {L}inguistics",
  address    = "{S}troudsburg, {PA}, {USA}",
  year       = "2010",
  url        = "http://dl.acm.org/citation.cfm?id=1859664.1859668"
} 

@inproceedings{paroubek2012deft,
  title     = "{I}ndexation libre et contrôlée d'articles scientifiques. {P}résentation et résultats du défi fouille de textes {DEFT}2012 ({C}ontrolled and {F}ree {I}ndexing of {S}cientific {P}apers. {P}resentation and {R}esults of the {DEFT}2012 {T}ext-{M}ining {C}hallenge) [in {F}rench]",
  author    = "{P}aroubek, {P}atrick  and  {Z}weigenbaum, {P}ierre  and  {F}orest, {D}ominic  and  {G}rouin, {C}yril",
  booktitle = "{P}roceedings of the {J}oint {C}onference {JEP}-{TALN}-{RECITAL} 2012, {W}orkshop {DEFT} 2012: {DÉ}fi {F}ouille de {T}extes ({DEFT} 2012 {W}orkshop: {T}ext {M}ining {C}hallenge)",
  pages     = "1--13",
  publisher = "{ATALA}/{AFCP}",
  address   = "{G}renoble, {F}rance",
  month     = "{J}une",
  year      = "2012",
  url       = "http://www.aclweb.org/anthology/W12-1101"
}